@article{belkin19,
author = {Mikhail Belkin  and Daniel Hsu  and Siyuan Ma  and Soumik Mandal },
title = {Reconciling modern machine-learning practice and the classical bias\&\#x2013;variance trade-off},
journal = {Proceedings of the National Academy of Sciences},
volume = {116},
number = {32},
pages = {15849-15854},
year = {2019},
}

@misc{geiger20,
	author = {Andreas Geiger},
	title = {Lecture: Deep Learning},
	year = {2020},
	howpublished = {https://uni-tuebingen.de/fakultaeten/mathematisch-naturwissenschaftliche-fakultaet/fachbereiche/informatik/lehrstuehle/autonomous-vision/lectures/deep-learning/}
}

@inproceedings{razavi19,
	author = {Razavi, Ali and van den Oord, Aaron and Vinyals, Oriol},
	booktitle = {Advances in Neural Information Processing Systems},
	editor = {H. Wallach and H. Larochelle and A. Beygelzimer and F. d\textquotesingle Alch\'{e}-Buc and E. Fox and R. Garnett},
	pages = {},
	publisher = {Curran Associates, Inc.},
	title = {Generating Diverse High-Fidelity Images with VQ-VAE-2},
	volume = {32},
	year = {2019}
}

